@article{BucchiGQRV22,
	author    = {Marco Bucchi and
	Alejandro Grez and
	Andr{\'{e}}s Quintana and
	Cristian Riveros and
	Stijn Vansummeren},
	title     = {{CORE:} a COmplex event Recognition Engine},
	journal   = {Proc. {VLDB} Endow.},
	volume    = {15},
	number    = {9},
	pages     = {1951--1964},
	year      = {2022}
}

@article{DurandG07,
	author    = {Arnaud Durand and
	Etienne Grandjean},
	title     = {First-order queries on structures of bounded degree are computable with constant delay},
	journal   = {{ACM} Trans. Comput. Log.},
	volume    = {8},
	number    = {4},
	pages     = {21},
	year      = {2007}
}

@inproceedings{BaganDG07,
	author    = {Guillaume Bagan and
	Arnaud Durand and
	Etienne Grandjean},
	title     = {On Acyclic Conjunctive Queries and Constant Delay Enumeration},
	booktitle = {CSL},
	pages     = {208--222},
	year      = {2007}
}

@article{CarmeliZBKS20,
  	author       = {Nofar Carmeli and
	Shai Zeevi and
	Christoph Berkholz and
	Alessio Conte and
	Benny Kimelfeld and
	Nicole Schweikardt},
	title        = {Answering (Unions of) Conjunctive Queries using Random Access and
	Random-Order Enumeration},
	journal      = {{ACM} Trans. Database Syst.},
	volume       = {47},
	number       = {3},
	pages        = {9:1--9:49},
	year         = {2022}
}

@article{KazanaS11,
	author    = {Wojciech Kazana and
	Luc Segoufin},
	title     = {First-order query evaluation on structures of bounded degree},
	journal   = {Log. Methods Comput. Sci.},
	volume    = {7},
	number    = {2},
	year      = {2011}
}

@article{SchweikardtSV18,
  	author       = {Nicole Schweikardt and
	Luc Segoufin and
	Alexandre Vigny},
	title        = {Enumeration for {FO} Queries over Nowhere Dense Graphs},
	journal      = {J. {ACM}},
	volume       = {69},
	number       = {3},
	pages        = {22:1--22:37},
	year         = {2022}
}

@inproceedings{Bagan06,
	author    = {Guillaume Bagan},
	title     = {{MSO} Queries on Tree Decomposable Structures Are Computable with Linear Delay},
	booktitle = {CSL},
	pages     = {167--181},
	year      = {2006}
}

@inproceedings{Segoufin13,
	author    = {Luc Segoufin},
	title     = {Enumerating with constant delay the answers to a query},
	booktitle = {ICDT},
	pages     = {10--20},
	year      = {2013}
}

@article{DoleschalKMP22,
	author    = {Johannes Doleschal and
	Benny Kimelfeld and
	Wim Martens and
	Liat Peterfreund},
	title     = {Weight Annotation in Information Extraction},
	journal   = {Log. Methods Comput. Sci.},
	volume    = {18},
	number    = {1},
	year      = {2022}
}

@article{AmarilliBMN21,
	author    = {Antoine Amarilli and
	Pierre Bourhis and
	Stefan Mengel and
	Matthias Niewerth},
	title     = {Constant-Delay Enumeration for Nondeterministic Document Spanners},
	journal   = {{ACM} Trans. Database Syst.},
	volume    = {46},
	number    = {1},
	pages     = {2:1--2:30},
	year      = {2021}
}

@inproceedings{AmarilliBJM17,
	author    = {Antoine Amarilli and
	Pierre Bourhis and
	Louis Jachiet and
	Stefan Mengel},
	title     = {A Circuit-Based Approach to Efficient Enumeration},
	booktitle = {ICALP},
	volume    = {80},
	pages     = {111:1--111:15},
	year      = {2017}
}

@inproceedings{DriscollSST86,
	author    = {James R. Driscoll and
	Neil Sarnak and
	Daniel Dominic Sleator and
	Robert Endre Tarjan},
	title     = {Making Data Structures Persistent},
	booktitle = {STOC},
	pages     = {109--121},
	year      = {1986}
}

@book{aho1974design,
	title={The design and analysis of computer algorithms},
	author={Aho, Alfred V and Hopcroft, John E},
	year={1974},
	publisher={Pearson Education India}
}

@book{berstel2013transductions,
	title={Transductions and context-free languages},
	author={Berstel, Jean},
	year={2013},
	publisher={Springer-Verlag}
}

@article{grez2021formal,
	title={A formal framework for complex event recognition},
	author={Grez, Alejandro and Riveros, Cristian and Ugarte, Mart{\'\i}n and Vansummeren, Stijn},
	journal={{ACM} Trans. Database Syst.},
	volume={46},
	number={4},
	pages={1--49},
	year={2021}
}

@article{Peterfreund21,
	title = {Enumerating grammar-based extractions},
	author = {Liat Peterfreund},
	journal = {Discrete Applied Mathematics},
	volume = {341},
	pages = {372-392},
	year = {2023}
}

@article{FaginKRV15,
	author    = {Ronald Fagin and
	Benny Kimelfeld and
	Frederick Reiss and
	Stijn Vansummeren},
	title     = {Document Spanners: {A} Formal Approach to Information Extraction},
	journal   = {J. {ACM}},
	volume    = {62},
	number    = {2},
	pages     = {12:1--12:51},
	year      = {2015}
}

@inproceedings{GrezR20,
	author    = {Alejandro Grez and
	Cristian Riveros},
	title     = {Towards Streaming Evaluation of Queries with Correlation in Complex
	Event Processing},
	booktitle = {ICDT},
	volume    = {155},
	pages     = {14:1--14:17},
	year      = {2020}
}

@proceedings{DBLP:conf/icdt/2019,
  editor    = {Pablo Barcel{\'{o}} and
               Marco Calautti},
  title     = {ICDT},
  volume    = {127},
  year      = {2019}
}

@article{FlorenzanoRUVV20,
	author    = {Fernando Florenzano and
	Cristian Riveros and
	Mart{\'{\i}}n Ugarte and
	Stijn Vansummeren and
	Domagoj Vrgoc},
	title     = {Efficient Enumeration Algorithms for Regular Document Spanners},
	journal   = {{ACM} Trans. Database Syst.},
	volume    = {45},
	number    = {1},
	pages     = {3:1--3:42},
	year      = {2020}
}

@inproceedings{BourhisGJR21,
	author    = {Pierre Bourhis and
	Alejandro Grez and
	Louis Jachiet and
	Cristian Riveros},
	title     = {Ranked Enumeration of {MSO} Logic on Words},
	booktitle = {ICDT},
	volume    = {186},
	pages     = {20:1--20:19},
	year      = {2021},
}

@inproceedings{AlurM04,
	author    = {Rajeev Alur and
	P. Madhusudan},
	title     = {Visibly pushdown languages},
	booktitle = {Proceedings of the 36th Annual {ACM} Symposium on Theory of Computing,
	Chicago, IL, USA, June 13-16, 2004},
	pages     = {202--211},
	year      = {2004}
}

@proceedings{DBLP:conf/stoc/2004,
	editor    = {L{\'{a}}szl{\'{o}} Babai},
	title     = {Proceedings of the 36th Annual {ACM} Symposium on Theory of Computing,
	Chicago, IL, USA, June 13-16, 2004},
	publisher = {{ACM}},
	year      = {2004},
	isbn      = {1-58113-852-0},
	timestamp = {Fri, 03 Sep 2004 08:58:11 +0200},
	biburl    = {https://dblp.org/rec/bib/conf/stoc/2004},
	bibsource = {dblp computer science bibliography, https://dblp.org}
}

@inproceedings{SchmidS21,
	author    = {Markus L. Schmid and
	Nicole Schweikardt},
	title     = {Spanner Evaluation over {SLP}-Compressed Documents},
	booktitle = {PODS},
	pages     = {153--165},
	year      = {2021}
}

% @inproceedings{MunozR22,
% 	author    = {Martin Mu{\~{n}}oz and
% 	Cristian Riveros},
% 	title     = {Streaming Enumeration on Nested Documents},
% 	booktitle = {ICDT},
% 	volume    = {220},
% 	pages     = {19:1--19:18},
% 	year      = {2022}
% }

%@inproceedings{AmarilliJMR22,
%	author    = {Antoine Amarilli and
%	Louis Jachiet and
%	Martin Mu{\~{n}}oz and
%	Cristian Riveros},
%	title     = {Efficient Enumeration for Annotated Grammars},
%	booktitle = {PODS},
%	pages     = {291--300},
%	year      = {2022}
%}

@inproceedings{SchmidS22,
	author    = {Markus L. Schmid and
	Nicole Schweikardt},
	title     = {Query Evaluation over {SLP}-Represented Document Databases with Complex
	Document Editing},
	booktitle = {PODS},
	pages     = {79--89},
	year      = {2022}
}

@article{StorerS82,
	author    = {James A. Storer and
	Thomas G. Szymanski},
	title     = {Data compression via textual substitution},
	journal   = {J. {ACM}},
	volume    = {29},
	number    = {4},
	pages     = {928--951},
	year      = {1982}
}

@article{KiefferY00,
	author    = {John C. Kieffer and
	En{-}Hui Yang},
	title     = {Grammar-based codes: {A} new class of universal lossless source codes},
	journal   = {{IEEE} Trans. Inf. Theory},
	volume    = {46},
	number    = {3},
	pages     = {737--754},
	year      = {2000}
}

@inproceedings{Rytter02,
	author    = {Wojciech Rytter},
	title     = {Application of Lempel-Ziv Factorization to the Approximation of Grammar-Based
	Compression},
	booktitle = {CPM},
	volume    = {2373},
	pages     = {20--31},
	year      = {2002},
}

@article{Lohrey12,
	author    = {Markus Lohrey},
	title     = {Algorithmics on {SLP}-compressed strings: {A} survey},
	journal   = {Groups Complex. Cryptol.},
	volume    = {4},
	number    = {2},
	pages     = {241--299},
	year      = {2012}
}

@article{ClaudeN11,
	author    = {Francisco Claude and
	Gonzalo Navarro},
	title     = {Self-Indexed Grammar-Based Compression},
	journal   = {Fundam. Informaticae},
	volume    = {111},
	number    = {3},
	pages     = {313--337},
	year      = {2011}
}

@inproceedings{AmarilliBMN19,
	author    = {Antoine Amarilli and
	Pierre Bourhis and
	Stefan Mengel and
	Matthias Niewerth},
	title     = {Constant-Delay Enumeration for Nondeterministic Document Spanners},
	booktitle = {ICDT},
	pages     = {22:1--22:19},
	year      = {2019}
}

%@inproceedings{icdt2020nested,
%	author    = {Martin Mu{\~{n}}oz and
%	Cristian Riveros},
%	title     = {Streaming Enumeration on Nested Documents},
%	booktitle = {ICDT},
%	year      = {2022}
%}

@book{seidlbook,
	author    = {Reinhard Wilhelm and
	Helmut Seidl and
	Sebastian Hack},
	title     = {Compiler Design - Syntactic and Semantic Analysis},
	publisher = {Springer},
	year      = {2013}
}

@inproceedings{abboud2014more,
	title={More applications of the polynomial method to algorithm design},
	author={Abboud, Amir and Williams, Ryan and Yu, Huacheng},
	booktitle={Proceedings of the twenty-sixth annual ACM-SIAM symposium on Discrete algorithms},
	pages={218--230},
	year={2014},
	organization={SIAM}
}

@article{AbboudBW18,
	author    = {Amir Abboud and
	Arturs Backurs and
	Virginia Vassilevska Williams},
	title     = {\href{https://arxiv.org/abs/1504.01431}{If the current clique algorithms are optimal, so is {V}aliant's parser}},
	journal   = {{SIAM} J. Comput.},
	volume    = {47},
	number    = {6},
	-pages     = {2527--2555},
	year      = {2018}
}

@inproceedings{LautemannST94,
	author    = {Clemens Lautemann and
	Thomas Schwentick and
	Denis Th{\'{e}}rien},
	editor    = {Leszek Pacholski and
	Jerzy Tiuryn},
	title     = {Logics For Context-Free Languages},
	booktitle = {Computer Science Logic, 8th International Workshop, {CSL} '94, Kazimierz,
	Poland, September 25-30, 1994, Selected Papers},
	series    = {Lecture Notes in Computer Science},
	volume    = {933},
	pages     = {205--216},
	publisher = {Springer},
	year      = {1994}
}

@article{MezeiW67,
	author    = {Jorge E. Mezei and
	Jesse B. Wright},
	title     = {Algebraic Automata and Context-Free Sets},
	journal   = {Inf. Control.},
	volume    = {11},
	number    = {1/2},
	pages     = {3--29},
	year      = {1967}
}

@inproceedings{Peterfreund21,
	author    = {Liat Peterfreund},
	-editor    = {Ke Yi and Zhewei Wei},
	title     = {\href{https://drops.dagstuhl.de/opus/volltexte/2021/13715/pdf/LIPIcs-ICDT-2021-7.pdf}{Grammars for document spanners}},
	booktitle = {ICDT},
	-series    = {LIPIcs},
	-volume    = {186},
	-pages     = {7:1--7:18},
	-publisher = {Schloss Dagstuhl - Leibniz-Zentrum f{\"{u}}r Informatik},
	year      = {2021}
}


@inproceedings{alur2004visibly,
	title={\href{https://repository.upenn.edu/cgi/viewcontent.cgi?article=1174&context=cis_papers}{Visibly pushdown languages}},
	author={Alur, Rajeev and Madhusudan, Parthasarathy},
	booktitle={STOC},
	year={2004}
}


@inproceedings{nowotka2007height,
	title={\href{http://www2.informatik.uni-stuttgart.de/fmi/szs/people/nowotka/Papers/Hpda.pdf}{Height-deterministic pushdown automata}},
	author={Nowotka, Dirk and Srba, Ji{\v{r}}{\'\i}},
	booktitle={MFCS},
	year={2007},
	-organization={Springer}
}

@inproceedings{driscoll1986making,
	title={\href{https://www.sciencedirect.com/science/article/pii/0022000089900342}{Making data structures persistent}},
	author={Driscoll, James R and Sarnak, Neil and Sleator, Daniel Dominic and Tarjan, Robert Endre},
	booktitle={STOC},
	-pages={109--121},
	year={1986}
}

@article{durand2007first,
	title={\href{https://hal.archives-ouvertes.fr/hal-00195016/document}{First-order queries on structures of bounded degree are computable with constant delay}},
	author={Durand, Arnaud and Grandjean, Etienne},
	journal={ACM Transactions on Computational Logic (TOCL)},
	volume={8},
	number={4},
	-pages={21--es},
	year={2007}
}


@inproceedings{lin2016regular,
	title={Regular symmetry patterns},
	author={Lin, Anthony W and Nguyen, Truong Khanh and R{\"u}mmer, Philipp and Sun, Jun},
	booktitle={International Conference on Verification, Model Checking, and Abstract Interpretation},
	pages={455--475},
	year={2016},
	organization={Springer}
}

@inproceedings{amarilli2017circuit,
	author = {Antoine Amarilli and Pierre Bourhis and Louis Jachiet and Stefan Mengel},
	title = {\href{https://arxiv.org/abs/1702.05589}
	{A circuit-based approach to efficient enumeration}},
	year = {2017},
	booktitle = {\mbox{\href{http://icalp17.mimuw.edu.pl/}{ICALP}}},
	keywords = {TYPEconference,formal,international,peer,published},
}


@article{maurer1969direct,
	title={A direct proof of the inherent ambiguity of a simple context-free language},
	author={Maurer, Herman A},
	journal={JACM},
	volume={16},
	number={2},
	-pages={256--260},
	year={1969},
	publisher={ACM New York, NY, USA}
}

@article{ginsburg1966ambiguity,
	title={Ambiguity in context free languages},
	author={Ginsburg, Seymour and Ullian, Joseph},
	journal={JACM},
	volume={13},
	number={1},
	-pages={62--89},
	year={1966},
	publisher={ACM New York, NY, USA}
}

@MISC {schmitz2012can,
	TITLE = {Can all unambiguous grammars be parsed in linear time?},
	AUTHOR = {Sylvain Schmitz},
	HOWPUBLISHED = {Theoretical Computer Science Stack Exchange},
	NOTE = {Version: 2012-03-02},
	year={2012},
	url={https://cstheory.stackexchange.com/q/10504},
	-EPRINT = {https://cstheory.stackexchange.com/q/10504},
	-URL = {https://cstheory.stackexchange.com/q/10504}
}

@article{hopcroft2001introduction,
	title={Introduction to automata theory, languages, and computation},
	author={Hopcroft, John E and Motwani, Rajeev and Ullman, Jeffrey D},
	journal={Acm Sigact News},
	volume={32},
	number={1},
	pages={60--65},
	year={2001},
	publisher={ACM New York, NY, USA}
}

@article{FaginKRV15,
	author    = {Ronald Fagin and
	Benny Kimelfeld and
	Frederick Reiss and
	Stijn Vansummeren},
	title     = {Document spanners: {A} formal approach to information extraction},
	journal   = {JACM},
	volume    = {62},
	number    = {2},
	-pages     = {12:1--12:51},
	year      = {2015}
}

@book{berstel2013transductions,
	title={Transductions and context-free languages},
	author={Berstel, Jean},
	year={2013},
	publisher={Springer-Verlag}
}

@inproceedings{Segoufin13,
	author    = {Luc Segoufin},
	-editor    = {Wang{-}Chiew Tan and Giovanna Guerrini and Barbara Catania and Anastasios Gounaris},
	title     = {\href{https://hal.inria.fr/hal-00907085}{Enumerating with constant delay the answers to a query}},
	booktitle = {ICDT},
	-pages     = {10--20},
	-publisher = {{ACM}},
	year      = {2013}
}

@article{FlorenzanoRUVV20,
	author    = {Fernando Florenzano and
	Cristian Riveros and
	Mart{\'{\i}}n Ugarte and
	Stijn Vansummeren and
	Domagoj Vrgoc},
	title     = {\href{http://criveros.sitios.ing.uc.cl/papers/tods20.pdf}{Efficient enumeration algorithms for regular document spanners}},
	journal   = {TODS},
	volume    = {45},
	number    = {1},
	-pages     = {3:1--3:42},
	year      = {2020}
}

@inproceedings{berkholz2017answering,
	title={\href{https://arxiv.org/abs/1702.06370}{Answering conjunctive queries under updates}},
	author={Berkholz, Christoph and Keppeler, Jens and Schweikardt, Nicole},
	booktitle={PODS},
	-pages={303--318},
	year={2017}
}

@inproceedings{idris2017dynamic,
	title={\href{https://www.martinugarte.com/media/pdfs/main_pDxeVno.pdf}{The dynamic {Y}annakakis algorithm: Compact and efficient query processing under updates}},
	author={Idris, Muhammad and Ugarte, Mart{\'\i}n and Vansummeren, Stijn},
	booktitle={SIGMOD},
	-pages={1259--1274},
	year={2017}
}

@article{Courcelle09,
	author    = {Bruno Courcelle},
	title     = {Linear delay enumeration and monadic second-order logic},
	journal   = {Discret. Appl. Math.},
	volume    = {157},
	number    = {12},
	-pages     = {2675--2700},
	year      = {2009}
}

@book{AhoHU74,
	author    = {Alfred V. Aho and
	John E. Hopcroft and
	Jeffrey D. Ullman},
	title     = {The design and analysis of computer algorithms},
	publisher = {Addison-Wesley},
	year      = {1974}
}

@article{Valiant75,
	title={General Context-Free Recognition in Less than Cubic Time},
	author={Leslie G. Valiant},
	journal={JCSS},
	year={1975},
	volume={10},
	pages={308-315}
}


@incollection{chomsky1959algebraic,
	title={\href{http://www-igm.univ-mlv.fr/~berstel/Mps/Travaux/A/1963-7ChomskyAlgebraic.pdf}{The algebraic theory of context-free languages}},
	author={Chomsky, Noam and Sch{\"u}tzenberger, Marcel P},
	booktitle={Studies in Logic and the Foundations of Mathematics},
	volume={26},
	-pages={118--161},
	year={1959},
	-publisher={Elsevier}
}


@inproceedings{bagan2006mso,
	author =        {Bagan, Guillaume},
	booktitle =     {CSL},
	title =         {{MSO} queries on tree decomposable structures are computable with linear delay},
	year =          {2006},
}

@inproceedings{hartig2018semantics,
	title={\href{https://dl.acm.org/doi/abs/10.1145/3178876.3186014}{Semantics and complexity of GraphQL}},
	author={Hartig, Olaf and P{\'e}rez, Jorge},
	booktitle={TheWebConf},
	-pages={1155--1164},
	year={2018}
}

@inproceedings{kroll2016complexity,
	title={\href{https://drops.dagstuhl.de/opus/volltexte/2016/5791/pdf/21.pdf}{On the complexity of enumerating the answers to well-designed pattern trees}},
	author={Kr{\"o}ll, Markus and Pichler, Reinhard and Skritek, Sebastian},
	booktitle={ICDT},
	year={2016},
	-organization={Schloss Dagstuhl-Leibniz-Zentrum fuer Informatik}
}

@inproceedings{bagan2007acyclic,
	title={\href{https://grandjean.users.greyc.fr/Recherche/PublisGrandjean/EnumAcyclicCSL07.pdf}{On acyclic conjunctive queries and constant delay enumeration}},
	author={Bagan, Guillaume and Durand, Arnaud and Grandjean, Etienne},
	booktitle={International Workshop on Computer Science Logic},
	-pages={208--222},
	year={2007},
	organization={Springer}
}

@inproceedings{kara2020trade,
	title={\href{https://arxiv.org/abs/1907.01988}{Trade-offs in static and dynamic evaluation of hierarchical queries}},
	author={Kara, Ahmet and Nikolic, Milos and Olteanu, Dan and Zhang, Haozhe},
	booktitle={PODS},
	-pages={375--392},
	year={2020}
}



@inproceedings{FlorenzanoRUVV18,
	author    = {Fernando Florenzano and
	Cristian Riveros and
	Mart{\'{\i}}n Ugarte and
	Stijn Vansummeren and
	Domagoj Vrgoc},
	title     = {\href{https://arxiv.org/abs/1803.05277}{Constant delay algorithms for regular document spanners}},
	booktitle = {PODS},
	year      = {2018},
	-url       = {},
	-url       = {http://doi.acm.org/10.1145/3196959.3196987}
}


@inproceedings{amarilli2019constant,
	author = {Antoine Amarilli and Pierre Bourhis and Stefan Mengel and Matthias Niewerth},
	title = {\href{https://arxiv.org/abs/1807.09320}
	{Constant-delay enumeration for nondeterministic document spanners}},
	year = {2019},
	booktitle = {\mbox{\href{http://edbticdt2019.inesc-id.pt/}{ICDT}}},
	keywords = {TYPEconference,formal,international,peer,published},
}

@article{amarilli2020constant,
	author = {Antoine Amarilli and Pierre Bourhis and Stefan Mengel and Matthias Niewerth},
	title = {\href{https://arxiv.org/abs/2003.02576}
	{Constant-delay enumeration for nondeterministic document spanners}},
	year = {2020},
	journal = {\mbox{\href{https://dl.acm.org/journal/tods}{TODS}}},
	keywords = {TYPEjournal,formal,international,peer,published},
}


@article{chomsky1959certain,
	title={On certain formal properties of grammars},
	author={Chomsky, Noam},
	journal={Information and control},
	volume={2},
	number={2},
	-pages={137--167},
	year={1959},
	-publisher={Elsevier}
}


@article{lange2009cnf,
	title={\href{https://www.informaticadidactica.de/uploads/Artikel/LangeLeiss2009/LangeLeiss2009.pdf}{To {CNF} or not to {CNF}? An efficient yet presentable version of the {CYK} algorithm}},
	author={Lange, Martin and Lei{\ss}, Hans},
	journal={Informatica Didactica},
	volume={8},
	number={2009},
	-pages={1--21},
	year={2009}
}

@inproceedings{peterfreund2019recursive,
	title={\href{https://drops.dagstuhl.de/opus/volltexte/2019/10315/pdf/LIPIcs-ICDT-2019-13.pdf}{Recursive programs for document spanners}},
	author={Peterfreund, Liat and ten Cate, Balder and Fagin, Ronald and Kimelfeld, Benny},
	booktitle={ICDT},
	year={2019}
}

@phdthesis{peterfreund2019complexity,
	title={The complexity of relational queries over extractions from text},
	author={Peterfeund, Liat},
	year = {2019},
	school = {Technion},
	url={http://www.cs.technion.ac.il/users/wwwb/cgi-bin/tr-get.cgi/2019/PHD/PHD-2019-10.pdf}
}


@inproceedings{amarilli2019enumeration,
	author = {Antoine Amarilli and Pierre Bourhis and Stefan Mengel and Matthias Niewerth},
	title = {\href{https://arxiv.org/abs/1812.09519}
	{Enumeration on trees with tractable combined complexity and efficient updates}},
	year = {2019},
	booktitle = {\mbox{\href{https://sigmod2019.org/}{PODS}}},
	keywords = {TYPEconference,formal,international,peer,published},
}



%@misc{amarilli2022efficient,
%	author = {Antoine Amarilli and Louis Jachiet and Martín Muñoz and Cristian Riveros},
%	title = {Efficient enumeration for annotated grammars},
%	year = {2022},
%	booktitle = {\mbox{\href{https://2022.sigmod.org/}{PODS}}},
%	note = {Complete version with proofs},
%	url = {https://arxiv.org/abs/2201.00549}
%}


@inproceedings{manea2019matching,
	title={Matching patterns with variables},
	author={Manea, Florin and Schmid, Markus L},
	booktitle={International Conference on Combinatorics on Words},
	pages={1--27},
	year={2019},
	organization={Springer}
}

%@inproceedings{amarilli2022efficientPODS,
%	author = {Antoine Amarilli and Louis Jachiet and Martín Muñoz and Cristian Riveros},
%	title = {Efficient enumeration for annotated grammars},
%	year = {2022},
%	booktitle = {PODS}
%}


@inproceedings{AmarilliBMN19,
	author    = {Antoine Amarilli and
	Pierre Bourhis and
	Stefan Mengel and
	Matthias Niewerth},
	title     = {Constant-Delay Enumeration for Nondeterministic Document Spanners},
	booktitle = {ICDT},
	pages     = {22:1--22:19},
	year      = {2019}
}

%@inproceedings{AmarilliJMR22,
%	author    = {Antoine Amarilli and
%	Louis Jachiet and
%	Mart{\'i}n Mu{\~{n}}oz and
%	Cristian Riveros},
%	title     = {Efficient Enumeration for Annotated Grammars},
%	booktitle = {PODS},
%	pages     = {291--300},
%	year      = {2022}
%}


@book{libkin2004elements,
	title={Elements of finite model theory},
	author={Libkin, Leonid},
	volume={41},
	year={2004},
	publisher={Springer}
}


@inproceedings{FlorenzanoRUVV18,
	author    = {Fernando Florenzano and
	Cristian Riveros and
	Mart{\'{\i}}n Ugarte and
	Stijn Vansummeren and
	Domagoj Vrgoc},
	title     = {Constant Delay Algorithms for Regular Document Spanners},
	booktitle = {PODS},
	pages     = {165--177},
	year      = {2018}
}

@article{BourhisRV20,
	author    = {Pierre Bourhis and
	Juan L. Reutter and
	Domagoj Vrgoc},
	title     = {{JSON}: Data model and query languages},
	journal   = {Inf. Syst.},
	volume    = {89},
	pages     = {101478},
	year      = {2020}
}

@inproceedings{AlurM04,
	author    = {Rajeev Alur and
	P. Madhusudan},
	title     = {Visibly pushdown languages},
	booktitle = {STOC},
	pages     = {202--211},
	year      = {2004}
}

@article{FiliotRRST18,
	author    = {Emmanuel Filiot and
	Jean{-}Fran{\c{c}}ois Raskin and
	Pierre{-}Alain Reynier and
	Fr{\'{e}}d{\'{e}}ric Servais and
	Jean{-}Marc Talbot},
	title     = {Visibly pushdown transducers},
	journal   = {JCSS},
	volume    = {97},
	pages     = {147--181},
	year      = {2018}
}

@article{FiliotGRS19,
	author    = {Emmanuel Filiot and
	Olivier Gauwin and
	Pierre{-}Alain Reynier and
	Fr{\'{e}}d{\'{e}}ric Servais},
	title     = {Streamability of nested word transductions},
	journal   = {LMCS},
	volume    = {15},
	number    = {2},
	year      = {2019}
}

@inproceedings{Bagan06,
	author    = {Guillaume Bagan},
	title     = {{MSO} Queries on Tree Decomposable Structures Are Computable with Linear Delay},
	booktitle = {CSL},
	pages     = {167--181},
	year      = {2006}
}

@article{Courcelle09,
	author    = {Bruno Courcelle},
	title     = {Linear delay enumeration and monadic second-order logic},
	journal   = {Discret. Appl. Math.},
	volume    = {157},
	number    = {12},
	pages     = {2675--2700},
	year      = {2009}
}

@inproceedings{Segoufin13,
	author    = {Luc Segoufin},
	title     = {Enumerating with constant delay the answers to a query},
	booktitle = {ICDT},
	pages     = {10--20},
	year      = {2013}
}

@book{AhoHU74,
	author    = {Alfred V. Aho and
	John E. Hopcroft and
	Jeffrey D. Ullman},
	title     = {The Design and Analysis of Computer Algorithms},
	publisher = {Addison-Wesley},
	year      = {1974}
}

@article{FlorenzanoRUVV20,
	author    = {Fernando Florenzano and
	Cristian Riveros and
	Mart{\'{\i}}n Ugarte and
	Stijn Vansummeren and
	Domagoj Vrgoc},
	title     = {Efficient Enumeration Algorithms for Regular Document Spanners},
	journal   = {TODS},
	volume    = {45},
	number    = {1},
	pages     = {3:1--3:42},
	year      = {2020}
}


@article{jerrum1986random,
	author    = {Mark Jerrum and
	Leslie G. Valiant and
	Vijay V. Vazirani},
	title     = {Random Generation of Combinatorial Structures from a Uniform Distribution},
	journal   = {Theor. Comput. Sci.},
	volume    = {43},
	pages     = {169--188},
	year      = {1986}
}

@inproceedings{ArenasCJR19,
	author    = {Marcelo Arenas and
	Luis Alberto Croquevielle and
	Rajesh Jayaram and
	Cristian Riveros},
	title     = {Efficient Logspace Classes for Enumeration, Counting, and Uniform
	Generation},
	booktitle = {PODS},
	pages     = {59--73},
	year      = {2019}
}

@article{caralp2015trimming,
	title={Trimming visibly pushdown automata},
	author={Caralp, Mathieu and Reynier, Pierre{-}Alain and Talbot, Jean-Marc},
	journal  = {Theor. Comput. Sci.},
	volume={578},
	pages={13--29},
	year={2015},
	publisher={Elsevier}
}

@inproceedings{GrezRU19,
	author    = {Alejandro Grez and
	Cristian Riveros and
	Mart{\'{\i}}n Ugarte},
	title     = {A Formal Framework for Complex Event Processing},
	booktitle = {ICDT},
	pages     = {5:1--5:18},
	year      = {2019}
}

@inproceedings{GrezR20,
	author    = {Alejandro Grez and
	Cristian Riveros},
	title     = {Towards Streaming Evaluation of Queries with Correlation in Complex Event Processing},
	booktitle = {ICDT},
	pages     = {14:1--14:17},
	year      = {2020}
}

@inproceedings{BerkholzKS17,
	author    = {Christoph Berkholz and
	Jens Keppeler and
	Nicole Schweikardt},
	title     = {Answering Conjunctive Queries under Updates},
	booktitle = {PODS},
	pages     = {303--318},
	year      = {2017}
}

@inproceedings{AmarilliBJM17,
	author    = {Antoine Amarilli and
	Pierre Bourhis and
	Louis Jachiet and
	Stefan Mengel},
	title     = {A Circuit-Based Approach to Efficient Enumeration},
	booktitle = {ICALP},
	pages     = {111:1--111:15},
	year      = {2017}
}

@inproceedings{AmarilliBMN19pods,
	author    = {Antoine Amarilli and
	Pierre Bourhis and
	Stefan Mengel and
	Matthias Niewerth},
	title     = {Enumeration on Trees with Tractable Combined Complexity and Efficient Updates},
	booktitle = {PODS},
	pages     = {89--103},
	year      = {2019}
}

@inproceedings{driscoll1986making,
	title={Making data structures persistent},
	author={Driscoll, James R and Sarnak, Neil and Sleator, Daniel Dominic and Tarjan, Robert Endre},
	booktitle={STOC},
	pages={109--121},
	year={1986}
}

@inproceedings{liatpaper,
	author    = {Liat Peterfreund},
	title     = {Grammars for Document Spanners},
	booktitle = {ICDT},
	pages     = {7:1--7:18},
	year      = {2021}
}

@inproceedings{PeterfreundCFK19,
	author    = {Liat Peterfreund and
	Balder ten Cate and
	Ronald Fagin and
	Benny Kimelfeld},
	title     = {Recursive Programs for Document Spanners},
	booktitle = {ICDT},
	pages     = {13:1--13:18},
	year      = {2019}
}

@article{FaginKRV15,
	author    = {Ronald Fagin and
	Benny Kimelfeld and
	Frederick Reiss and
	Stijn Vansummeren},
	title     = {Document Spanners: A Formal Approach to Information Extraction},
	journal   = {J. {ACM}},
	volume    = {62},
	number    = {2},
	pages     = {12:1--12:51},
	year      = {2015}
}

@article{Freydenberger19,
	author    = {Dominik D. Freydenberger},
	title     = {A Logic for Document Spanners},
	journal   = {Theory Comput. Syst.},
	volume    = {63},
	number    = {7},
	pages     = {1679--1754},
	year      = {2019}
}

@inproceedings{MaturanaRV18,
	author    = {Francisco Maturana and
	Cristian Riveros and
	Domagoj Vrgoc},
	title     = {Document Spanners for Extracting Incomplete Information: Expressiveness
	and Complexity},
	booktitle = {PODS},
	pages     = {125--136},
	year      = {2018}
}

@inproceedings{FreydenbergerKP18,
	author    = {Dominik D. Freydenberger and
	Benny Kimelfeld and
	Liat Peterfreund},
	title     = {Joining Extractions of Regular Expressions},
	booktitle = {PODS},
	pages     = {137--149},
	year      = {2018}
}

@article{aho1986compilers,
	title={Compilers, principles, techniques},
	author={Aho, Alfred V and Sethi, Ravi and Ullman, Jeffrey D},
	journal={Addison wesley},
	volume={7},
	number={8},
	pages={9},
	year={1986}
}

@article{chow2009beginner,
	title={A beginner’s guide to forcing},
	author={Chow, Timothy Y},
	journal={Communicating mathematics},
	volume={479},
	pages={25--40},
	year={2009}
}

@article{DurandG07,
	author    = {Arnaud Durand and
	Etienne Grandjean},
	title     = {First-order queries on structures of bounded degree are computable with constant delay},
	journal   = {{ACM} Trans. Comput. Log.},
	volume    = {8},
	number    = {4},
	pages     = {21},
	year      = {2007}
}

@inproceedings{BaganDG07,
	author    = {Guillaume Bagan and
	Arnaud Durand and
	Etienne Grandjean},
	title     = {On Acyclic Conjunctive Queries and Constant Delay Enumeration},
	booktitle = {CSL},
	pages     = {208--222},
	year      = {2007}
}

@inproceedings{SchweikardtSV18,
	author    = {Nicole Schweikardt and
	Luc Segoufin and
	Alexandre Vigny},
	title     = {Enumeration for {FO} Queries over Nowhere Dense Graphs},
	booktitle = {PODS},
	pages     = {151--163},
	year      = {2018}
}

@article{KazanaS11,
	author    = {Wojciech Kazana and
	Luc Segoufin},
	title     = {First-order query evaluation on structures of bounded degree},
	journal   = {Log. Methods Comput. Sci.},
	volume    = {7},
	number    = {2},
	year      = {2011}
}

@inproceedings{CarmeliZBKS20,
	author    = {Nofar Carmeli and
	Shai Zeevi and
	Christoph Berkholz and
	Benny Kimelfeld and
	Nicole Schweikardt},
	title     = {Answering (Unions of) Conjunctive Queries using Random Access and Random-Order Enumeration},
	booktitle = {PODS},
	pages     = {393--409},
	year      = {2020}
}

@article{BerkholzGS20,
	author    = {Christoph Berkholz and
	Fabian Gerhardt and
	Nicole Schweikardt},
	title     = {Constant delay enumeration for conjunctive queries: a tutorial},
	journal   = {{ACM} {SIGLOG} News},
	volume    = {7},
	number    = {1},
	pages     = {4--33},
	year      = {2020}
}

@article{alur2009adding,
	title={Adding nesting structure to words},
	author={Alur, Rajeev and Madhusudan, Parthasarathy},
	journal={Journal of the ACM (JACM)},
	volume={56},
	number={3},
	pages={1--43},
	year={2009},
	publisher={ACM New York, NY, USA}
}

@article{BojanczykP11,
	author    = {Mikolaj Bojanczyk and
	Pawel Parys},
	title     = {{XPath} evaluation in linear time},
	journal   = {J. {ACM}},
	volume    = {58},
	number    = {4},
	pages     = {17:1--17:33},
	year      = {2011}
}

@article{AlurFMRS20,
	author    = {Rajeev Alur and
	Dana Fisman and
	Konstantinos Mamouras and
	Mukund Raghothaman and
	Caleb Stanford},
	title     = {Streamable regular transductions},
	journal   = {Theor. Comput. Sci.},
	volume    = {807},
	pages     = {15--41},
	year      = {2020}
}

@inproceedings{BarYossefFJ05,
	author    = {Ziv Bar{-}Yossef and
	Marcus Fontoura and
	Vanja Josifovski},
	title     = {Buffering in query evaluation over {XML} streams},
	booktitle = {PODS},
	pages     = {216--227},
	year      = {2005}
}

@inproceedings{GauwinNT09,
	author    = {Olivier Gauwin and
	Joachim Niehren and
	Sophie Tison},
	title     = {Earliest Query Answering for Deterministic Nested Word Automata},
	booktitle = {FCT},
	volume    = {5699},
	pages     = {121--132},
	year      = {2009}
}

@article{GauwinNR08,
	author    = {Olivier Gauwin and
	Joachim Niehren and
	Yves Roos},
	title     = {Streaming tree automata},
	journal   = {Inf. Process. Lett.},
	volume    = {109},
	number    = {1},
	pages     = {13--17},
	year      = {2008}
}

@article{BarYossefFJ07,
	author    = {Ziv Bar{-}Yossef and
	Marcus Fontoura and
	Vanja Josifovski},
	title     = {On the memory requirements of {XPath} evaluation over {XML} streams},
	journal   = {J. Comput. Syst. Sci.},
	volume    = {73},
	number    = {3},
	pages     = {391--441},
	year      = {2007}
}

@inproceedings{DBLP:conf/lata/GauwinNT09,
	author    = {Olivier Gauwin and
	Joachim Niehren and
	Sophie Tison},
	title     = {Bounded Delay and Concurrency for Earliest Query Answering},
	booktitle = {LATA},
	volume    = {5457},
	pages     = {350--361},
	year      = {2009}
}

@inproceedings{ChenDZ06,
	author    = {Yi Chen and
	Susan B. Davidson and
	Yifeng Zheng},
	title     = {An Efficient {XPath} Query Processor for {XML} Streams},
	booktitle = {ICDE},
	pages     = {79},
	year      = {2006}
}

@inproceedings{OlteanuFB04,
	author    = {Dan Olteanu and
	Tim Furche and
	Fran{\c{c}}ois Bry},
	title     = {An efficient single-pass query evaluator for {XML} data streams},
	booktitle = {SAC},
	pages     = {627--631},
	year      = {2004}
}

@inproceedings{NikolicO18,
	author    = {Milos Nikolic and
	Dan Olteanu},
	title     = {Incremental View Maintenance with Triple Lock Factorization Benefits},
	booktitle = {SIGMOD},
	pages     = {365--380},
	year      = {2018}
}

@article{OlteanuZ15,
	author    = {Dan Olteanu and
	Jakub Z{\'{a}}vodn{\'{y}}},
	title     = {Size Bounds for Factorised Representations of Query Results},
	journal   = {{ACM} TODS},
	volume    = {40},
	number    = {1},
	pages     = {2:1--2:44},
	year      = {2015}
}

@inproceedings{0002NOZ20,
	author    = {Ahmet Kara and
	Milos Nikolic and
	Dan Olteanu and
	Haozhe Zhang},
	title     = {Trade-offs in Static and Dynamic Evaluation of Hierarchical Queries},
	booktitle = {PODS},
	pages     = {375--392},
	year      = {2020}
}

@inproceedings{Torunczyk20,
	author    = {Szymon Torunczyk},
	title     = {Aggregate Queries on Sparse Databases},
	booktitle = {PODS},
	pages     = {427--443},
	year      = {2020}
}

@inproceedings{KumarMV07,
	author    = {Viraj Kumar and
	P. Madhusudan and
	Mahesh Viswanathan},
	title     = {Visibly pushdown automata for streaming {XML}},
	booktitle = {WWW},
	pages     = {1053--1062},
	year      = {2007}
}

@article{JosifovskiFB05,
	author    = {Vanja Josifovski and
	Marcus Fontoura and
	Attila Barta},
	title     = {Querying {XML} streams},
	journal   = {{VLDB} J.},
	volume    = {14},
	number    = {2},
	pages     = {197--210},
	year      = {2005}
}

@article{GreenGMOS04,
	author    = {Todd J. Green and
	Ashish Gupta and
	Gerome Miklau and
	Makoto Onizuka and
	Dan Suciu},
	title     = {Processing {XML} streams with deterministic automata and stream indexes},
	journal   = {{ACM} Trans. Database Syst.},
	volume    = {29},
	number    = {4},
	pages     = {752--788},
	year      = {2004}
}

@inproceedings{FernandezMSS07,
	author    = {Mary F. Fern{\'{a}}ndez and
	Philippe Michiels and
	J{\'{e}}r{\^{o}}me Sim{\'{e}}on and
	Michael Stark},
	title     = {XQuery Streaming {\`{a}} la Carte},
	booktitle = {ICDE},
	pages     = {256--265},
	year      = {2007}
}

@inproceedings{GuptaS03,
	author    = {Ashish Kumar Gupta and
	Dan Suciu},
	title     = {Stream Processing of {XPath} Queries with Predicates},
	booktitle = {SIGMOD},
	pages     = {419--430},
	year      = {2003}
}

@article{Olteanu07,
	author    = {Dan Olteanu},
	title     = {{SPEX}: Streamed and Progressive Evaluation of {XPath}},
	journal   = {{IEEE} Trans. Knowl. Data Eng.},
	volume    = {19},
	number    = {7},
	pages     = {934--949},
	year      = {2007}
}

@inproceedings{GouC07,
	author    = {Gang Gou and
	Rada Chirkova},
	title     = {Efficient algorithms for evaluating {XPath} over streams},
	booktitle = {SIGMOD},
	pages     = {269--280},
	publisher = {{ACM}},
	year      = {2007}
}

@article{ChirkovaY12,
	author    = {Rada Chirkova and
	Jun Yang},
	title     = {Materialized Views},
	journal   = {Found. Trends Databases},
	volume    = {4},
	number    = {4},
	pages     = {295--405},
	year      = {2012}
}

@inproceedings{IdrisUV17,
	author    = {Muhammad Idris and
	Mart{\'{\i}}n Ugarte and
	Stijn Vansummeren},
	title     = {The Dynamic {Yannakakis} Algorithm: Compact and Efficient Query Processing
	Under Updates},
	booktitle = {SIGMOD},
	pages     = {1259--1274},
	year      = {2017},
}

@inproceedings{peng2003xpath,
	title={{XPath} queries on streaming data},
	author={Peng, Feng and Chawathe, Sudarshan S},
	booktitle={SIGMOD},
	pages={431--442},
	year={2003}
}

@inproceedings{altinel2000efficient,
	title={Efficient filtering of {XML} documents for selective dissemination of information},
	author={Alt{\i}nel, Mehmet and Franklin, Michael J},
	booktitle={VLDB},
	pages={53--64},
	year={2000}
}

@inproceedings{babcock2002models,
	title={Models and issues in data stream systems},
	author={Babcock, Brian and Babu, Shivnath and Datar, Mayur and Motwani, Rajeev and Widom, Jennifer},
	booktitle={SIGMOD},
	pages={1--16},
	year={2002}
}

@inproceedings{SegoufinV02,
	author    = {Luc Segoufin and
	Victor Vianu},
	title     = {Validating Streaming {XML} Documents},
	booktitle = {PODS},
	pages     = {53--64},
	year      = {2002}
}

@inproceedings{Barloy21,
	author    = {Corentin Barloy and Filip Murlak and Charles Paperman},
	title     = {Stackless Processing of Streamed Trees},
	booktitle = {PODS},
	year      = {2021}
}

@article{CateM07,
	author    = {Balder ten Cate and
	Maarten Marx},
	title     = {Navigational {XPath}: calculus and algebra},
	journal   = {{SIGMOD} Record},
	volume    = {36},
	number    = {2},
	pages     = {19--26},
	year      = {2007}
}

@inproceedings{ShalemB08,
	author    = {Mirit Shalem and
	Ziv Bar{-}Yossef},
	title     = {The Space Complexity of Processing {XML} Twig Queries Over Indexed
	Documents},
	booktitle = {ICDE},
	pages     = {824--832},
	year      = {2008}
}

@inproceedings{Niewerth18,
	author       = {Matthias Niewerth},
	title        = {{MSO} Queries on Trees: Enumerating Answers under Updates Using Forest
	Algebras},
	booktitle    = {LICS},
	pages        = {769--778},
	year         = {2018}
}

% @inproceedings{MunozR23,
% 	author       = {Mart{\'i}n Mu{\~{n}}oz and
% 	Cristian Riveros},
% 	title        = {Constant-Delay Enumeration for SLP-Compressed Documents},
% 	booktitle    = {{ICDT}},
% 	year         = {2023}
% }